@book{Lawvere:ETCS,
  author    = {F. William Lawvere},
  title     = {An elementary theory of the category of sets},
  series    = {Proc.\ Nat.\ Acad.\ Sci.\ U.S.A.},
  volume    = {52},
  pages     = {1506--1511},
  year      = {1964}
}

@book{Lurie:HTT,
  author    = {Jacob Lurie},
  title     = {Higher Topos Theory},
  series    = {Annals of Mathematics Studies},
  volume    = {170},
  publisher = {Princeton University Press},
  year      = {2009}
}

@article{CraneYetter,
  author    = {Louis Crane and David Yetter},
  title     = {A categorical construction of 4-D topological quantum field theories},
  journal   = {Quantum Topology},
  pages     = {120--130},
  publisher = {World Scientific},
  year      = {1993}
}

@article{BrehmKuhnel,
  author    = {Ulrich Brehm and Wolfgang Kühnel},
  title     = {15-vertex triangulations of an 8-manifold},
  journal   = {Math.\ Ann.},
  volume    = {294},
  number    = {1},
  pages     = {167--193},
  year      = {1992}
}

@article{CasellaKuhnel,
  author    = {Mario Casella and Wolfgang Kühnel},
  title     = {A triangulated {K}3 surface with the minimum number of vertices},
  journal   = {Israel J.\ Math.},
  volume    = {150},
  pages     = {269--284},
  year      = {2005}
}

@misc{Smith:Loops,
  author    = {Jonathan D. H. Smith},
  title     = {An Introduction to Quasigroups and Their Representations},
  publisher = {Chapman \& Hall/CRC},
  year      = {2007}
}

@misc{GAP,
  key       = {GAP},
  title     = {GAP – Groups, Algorithms, and Programming, Version 4.12.2},
  howpublished = {\url{https://www.gap-system.org}},
  year      = {2023}
}

@misc{HAP,
  key       = {HAP},
  title     = {HAP — Homological Algebra Programming, a GAP package},
  howpublished = {\url{https://gap-packages.github.io/hap/}},
  year      = {2023}
}